@inproceedings{additive-gp:2011,
  title={Additive gaussian processes},
  author={Duvenaud, David K and Nickisch, Hannes and Rasmussen, Carl E},
  booktitle={Advances in neural information processing systems},
  pages={226--234},
  year={2011}
}

@article{spam:2009,
  title={Sparse additive models},
  author={Ravikumar, Pradeep and Lafferty, John and Liu, Han and Wasserman, Larry},
  journal={Journal of the Royal Statistical Society: Series B (Statistical Methodology)},
  volume={71},
  number={5},
  pages={1009--1030},
  year={2009},
  publisher={Wiley Online Library}
}

@inproceedings{intelligible:2013,
  title={Accurate intelligible models with pairwise interactions},
  author={Lou, Yin and Caruana, Rich and Gehrke, Johannes and Hooker, Giles},
  booktitle={Proceedings of the 19th ACM SIGKDD international conference on Knowledge discovery and data mining},
  pages={623--631},
  year={2013},
  organization={ACM}
}

@article{mkl-review:2011,
  title={Multiple kernel learning algorithms},
  author={G{\"o}nen, Mehmet and Alpayd{\i}n, Ethem},
  journal={The Journal of Machine Learning Research},
  volume={12},
  pages={2211--2268},
  year={2011},
  publisher={JMLR. org}
}

@article{thin-plate-splines:2003,
  title={Thin plate regression splines},
  author={Wood, Simon N},
  journal={Journal of the Royal Statistical Society: Series B (Statistical Methodology)},
  volume={65},
  number={1},
  pages={95--114},
  year={2003},
  publisher={Wiley Online Library}
}

@article{tensor-product-splines:1994,
  title={The use of polynomial splines and their tensor products in multivariate function estimation},
  author={Stone, Charles J},
  journal={The Annals of Statistics},
  pages={118--171},
  year={1994},
  publisher={JSTOR}
}
