
@inproceedings{adams08gpdensitysampler,
  author    = {Ryan Prescott Adams and
               Iain Murray and
               David J. C. MacKay},
  title     = {{The Gaussian Process Density Sampler}},
  booktitle = {NIPS},
  year      = {2008},
  pages     = {9--16},
}

@article{auer03ucb,
 author = {Auer, Peter},
 title = {{Using Confidence Bounds for Exploitation-exploration Trade-offs}},
 journal = {J. Mach. Learn. Res.},
 year = {2003},
} 

@inproceedings{azimi10batchbo,
title = {{Batch Bayesian Optimization via Simulation Matching}},
author = {Javad Azimi and Fern, Alan and Xiaoli Z. Fern},
booktitle = {Advances in Neural Information Processing Systems},
year = {2010}
}

@inproceedings{balcan06agnosticAL,
  author    = {Maria-Florina Balcan and
               Alina Beygelzimer and
               John Langford},
  title     = {Agnostic active learning},
  booktitle = {ICML},
  year      = {2006},
  pages     = {65-72},
}

@article{balcan10alsamplecomplexity,
  author    = {Maria-Florina Balcan and
               Steve Hanneke and
               Jennifer Wortman Vaughan},
  title     = {The true sample complexity of active learning},
  journal   = {Machine Learning},
  year      = {2010},
}

@article{berger96maxentnlp,
 author = {Berger, Adam L. and Pietra, Vincent J. Della and Pietra,
           Stephen A. Della},
 title = {A Maximum Entropy Approach to Natural Language Processing},
 journal = {Comput. Linguist.},
 year = {1996},
 pages = {39--71},
 publisher = {MIT Press},
 address = {Cambridge, MA, USA},
} 

@article{bergstra12randomSearch,
  author = {Bergstra, James and Bengio, Yoshua},
  title = {{Random Search for Hyper-parameter Optimization}},
  journal = {J. Mach. Learn. Res.},
  year = {2012},
} 

@inproceedings{bergstra11hyperparameter,
  title = {{Algorithms for Hyper-Parameter Optimization}},
  author = {James S. Bergstra and R\'{e}mi Bardenet and Bengio, Yoshua and Bal\'{a}zs K\'{e}gl},
  booktitle = {Advances in Neural Information Processing Systems},
  year = {2011},
}

@inproceedings{bergstra13modelsearch, 
    Author = {Daniel Yamins and David Tax and James S. Bergstra}, 
    Title = {{Making a Science of Model Search: Hyperparameter Optimization in
Hundreds of Dimensions for Vision Architectures}}, 
    Year = {2013}, 
    Booktitle = {International Conference on Machine Learning}, 
}

@inproceedings{beygelzimer10agnostical,
  author    = {Alina Beygelzimer and
               Daniel Hsu and
               John Langford and
               Tong Zhang},
  title     = {Agnostic Active Learning Without Constraints},
  booktitle = {NIPS},
  year      = {2010},
  pages     = {199-207},
}

@unpublished{bickel14,
  author = {Bickel, P. J. and K. A. Doksum},
  title = {{Mathematical Statistics- Basic Ideas and Selected Topics Volume 2}},
  note={Unpublished}
}

@article{birge95estimation,
  author = {Birg\'{e}, Lucien and Massart, Pascal},
  journal = {The Annals of Statistics},
  keywords = {semiparametric},
  mendeley-tags = {semiparametric},
  title = {{Estimation of integral functionals of a density}},
  year = {1995}
}

@techreport{boyle07gps,
    author = {Phillip Boyle},
    title = {{Gaussian Processes for Regression and Optimisation}},
    institution = {Victoria University of Wellington},
    year = {2007}
}

@book{bradski08opencv,
  title = {{Learning OpenCV}},
  year = {2008},
  publisher = {O{\textquoteright}Reilly Media Inc.},
  author = {Gary Bradski and Adrian Kaehler}
}

@article{bresler14ising,
  author    = {Guy Bresler},
  title     = {{Efficiently learning Ising models on high degree graphs}},
  journal   = {CoRR},
  volume    = {abs/1411.6156},
  year      = {2014}
}

@article{brochu12bo,
  author = {Brochu, Eric and Cora, Vlad M. and de Freitas, Nando},
  journal = {CoRR},
  title = {{A Tutorial on Bayesian Optimization of Expensive Cost Functions,
    with Application to Active User Modeling and Hierarchical Reinforcement
    Learning}},
  year = 2010
}



@incollection{bryan06activelevelsets,
 title = {Active Learning For Identifying Function Threshold Boundaries},
 author = {Brent Bryan and Jeff Schneider and Robert Nichol and Christopher
           Miller and Christopher Genovese and Larry Wasserman},
 booktitle = {{Advances in Neural Information Processing Systems 18}},
 publisher = {MIT Press},
 address = {Cambridge, MA},
 pages = {163--170},
 year = {2006}
}

@phdthesis{bryan07phdthesis,
 author = {Bryan, Brent},
 advisor = {Schneider, Jeff},
 title = {Actively Learning Specific Function Properties with Applications to
          Statistical Inference},
 year = {2007},
 school = {Carnegie Mellon University},
 publisher = {Carnegie Mellon University},
 address = {Pittsburgh, PA, USA},
} 

@article{bull11boRates,
  author = {Bull, Adam D.},
  journal = {Journal of Machine Learning Research},
  title = {{Convergence Rates of Efficient Global Optimization Algorithms.}},
  year = 2011
}

@techreport{casella11mcmchistory,
  author={Casella, George and Robert, Christian P.},
  title={{A Short History of Markov Chain Monte Carlo: Subjective Recollections
          from Incomplete Data}},
  year=2011,
  institution={Paris Dauphine University},
  type={Economics Papers from University Paris Dauphine},
  number={123456789/3549},
  keywords={Metropolis-Hastings algorithm; simulation; Gibbs sampling; Monte Carlo}
}

@article{caselton84network,
  author = {Caselton, W. F. and Zidek, J. V.},
  journal = {Statistics \& Probability Letters},
  month = Aug,
  number = 4,
  pages = {223--227},
  title = {Optimal monitoring network designs},
  volume = 2,
  year = 1984
}

@incollection{caselton92networks,
    author = {Castleton, W. F. and Kan, L. and Zidek, J. V.},
    booktitle = {Statistics in the environmental and Earth sciences},
    pages = {10--38},
    publisher = {Halsted Press},
    title = {{Quality data networks that minimize entropy}},
    year = {1992}
}

@inproceedings{castro05ratesalregression,
  author    = {Rui Castro and
               Rebecca Willett and
               Robert Nowak},
  title     = {Faster Rates in Regression via Active Learning},
  booktitle = {NIPS},
  year      = {2005},
}

@techreport{castro05alregressiontr,
  author    = {Rui Castro and
               Rebecca Willett and
               Robert Nowak},
  title     = {Faster Rates in Regression via Active Learning},
  institution = {University of Wisconsin - Madison},
  month = {June},
  year = 2005 
}

@inproceedings{castro07minimaxal,
 author = {Castro, Rui M. and Nowak, Robert D.},
 title = {{Minimax Bounds for Active Learning}},
 booktitle = {Proceedings of the 20th Annual Conference on Learning Theory},
 series = {COLT'07},
 year = {2007},
 pages = {5--19},
 publisher = {Springer-Verlag},
 address = {Berlin, Heidelberg},
} 

@article{chang11libsvm,
 author = {Chang, Chih-Chung and Lin, Chih-Jen},
 title = {{LIBSVM}: A library for support vector machines},
 journal = {ACM Transactions on Intelligent Systems and Technology},
 year = {2011},
 note =  {Software available at \url{http://www.csie.ntu.edu.tw/~cjlin/libsvm}}
}

@inproceedings{chen12varselbandits,
  Author = {Bo Chen and Rui Castro and Andreas Krause},
  Booktitle = {Int'l Conference on Machine Learning},
  Title = {{Joint Optimization and Variable Selection of High-dimensional
            Gaussian Processes}},
  Year = {2012}
}

@article{cohn94improving,
  title={{Improving Generalization with Active Learning}},
  author={Cohn, David and Atlas, Les and Ladner, Richard},
  journal={Machine learning},
  volume={15},
  number={2},
  pages={201--221},
  year={1994},
  publisher={Kluwer Academic Publishers}
}

@article{cohn96alstatmodels,
  author    = {David A. Cohn and
               Zoubin Ghahramani and
               Michael I. Jordan},
  title     = {{Active Learning with Statistical Models}},
  journal   = {J. Artif. Intell. Res. (JAIR)},
  volume    = {4},
  year      = {1996},
  pages     = {129-145},
}

@inproceedings{dasgupta07generalAgnosticAL,
  author    = {Sanjoy Dasgupta and
               Daniel Hsu and
               Claire Monteleoni},
  title     = {A general agnostic active learning algorithm},
  booktitle = {NIPS},
  year      = {2007},
}

@article{dasgupta11twofacesal,
  author    = {Sanjoy Dasgupta},
  title     = {Two faces of active learning},
  journal   = {Theor. Comput. Sci.},
  volume    = {412},
  number    = {19},
  year      = {2011},
  pages     = {1767-1781},
}

@inproceedings{defreitas12expregret,
  author = {de Freitas, Nando and Smola, Alex J. and Zoghi, Masrour},
  booktitle = {International Conference on Machine Learning},
  title = {{Exponential Regret Bounds for Gaussian Process Bandits with
            Deterministic Observations.}},
  year = 2012
}

@misc{defreitas14challenges,
  author = {de Freitas, Nando},
  title =  {{Talk on Current Challenges and Open Problems in
            Bayesian Optimization}},
  booktitle = {NIPS Workshop on Bayesian Optimization in Academia and Industry},
  year =   2014
}

@article{denil12boImage,
 author = {Denil, Misha and Bazzani, Loris and Larochelle, Hugo and de Freitas, Nando},
 title = {{Learning Where to Attend with Deep Architectures for Image Tracking}},
 journal = {Neural Comput.},
 year = {2012},
 publisher = {MIT Press},
}

@inproceedings{djolonga13highdimbandits,
  title = {{High-Dimensional Gaussian Process Bandits}},
  author = {Djolonga, Josip and Krause, Andreas and Cevher, Volkan},
  booktitle = {Advances in Neural Information Processing Systems},
  year = {2013},
}

@inproceedings{duvenaud11additivegps,
  author    = {David K. Duvenaud and
               Hannes Nickisch and
               Carl Edward Rasmussen},
  title     = {Additive Gaussian Processes},
  booktitle = {Advances in Neural Information Processing Systems},
  year      = {2011},
}

@article{eriksson11activeclustering,
  author    = {Brian Eriksson and
               Gautam Dasarathy and
               Aarti Singh and
               Robert Nowak},
  title     = {{Active Clustering: Robust and Efficient Hierarchical Clustering
               using Adaptively Selected Similarities}},
  journal   = {CoRR},
  volume    = {abs/1102.3887},
  year      = {2011},
}

@book{fernholz83vonmises,
  author = {Fernholz, {Luisa Turrin}},
  series = {Lecture notes in statistics},
  publisher = {Springer},
  title = {Von Mises calculus for statistical functionals},
  year = 1983
}

@article{fukumizu13kbr,
  author  = {Kenji Fukumizu and Le Song and Arthur Gretton},
  title   = {{Kernel Bayes' Rule: Bayesian Inference with Positive Definite
              Kernels}},
  journal = {{Journal of Machine Learning Research}},
  year    = {2014},
  volume  = {14},
  pages   = {3753-3783},
}

@inproceedings{gonzalez14gene,
  author    = {Javier Gonzalez and
               Joseph Longworth and
               David James and
               Neil Lawrence},
  title     = {{Bayesian Optimization for Synthetic Gene Design}},
  booktitle = {NIPS Workshop on Bayesian Optimization in Academia and Industry},
  year      = {2014},
}

@inproceedings{gotovos13activelevelsets,
  author    = {Alkis Gotovos and
               Nathalie Casati and
               Gregory Hitz and
               Andreas Krause},
  title     = {{Active Learning for Level Set Estimation}},
  booktitle = {{IJCAI} 2013, Proceedings of the 23rd International Joint
                Conference
               on Artificial Intelligence, Beijing, China, August 3-9, 2013},
  year      = {2013},
}

@article{ghosal06gpconsistency,
  author = "Ghosal, Subhashis and Roy, Anindya",
  journal = "Annals of Statistics",
  title = {{Posterior consistency of Gaussian process prior for nonparametric
    binary regression"}},
  year = "2006"
}

@inproceedings{guestrin05sensorgps,
  author = {Carlos Guestrin and Andreas Krause and Ajit Singh},
  title = {{Near-optimal Sensor Placements in {G}aussian Processes}},
  booktitle = {International Conference on Machine Learning (ICML)},
  month = {August},
  year = {2005},
}

@book{gyorfi02distributionfree,
   title = {{A Distribution Free Theory of Nonparametric Regression}},
   author = {Gy\"orfi, L\'aszl\'o and Kohler, Micael and Krzyzak, Adam and Walk, Harro},
   publisher = {Springer Series in Statistics},
   year = 2002
}

@inproceedings{hanneke07complexityagnostical,
  author    = {Steve Hanneke},
  title     = {{A bound on the Label Complexity of Agnostic Active Learning}},
  booktitle = {ICML},
  year      = {2007},
  pages     = {353-360},
}

@inproceedings{hanneke07teachingdimension,
  author    = {Steve Hanneke},
  title     = {Teaching Dimension and the Complexity of Active Learning},
  booktitle = {COLT},
  year      = {2007},
  pages     = {66-81},
}

@inproceedings{hanneke09adaptiverates,
  author = {Hanneke, Steve},
  booktitle = {COLT},
  title = {{Adaptive Rates of Convergence in Active Learning.}},
  year = 2009
}

@phdthesis{hanneke09thesis,
 author = {Hanneke, Steve},
 title = {{Theoretical Foundations of Active Learning}},
 year = {2009},
 publisher = {Carnegie Mellon University},
 school = {Carnegie Mellon University},
 address = {Pittsburgh, PA, USA},
} 

@inproceedings{hanneke10negativeresultsal,
  author    = {Steve Hanneke and
               Liu Yang},
  title     = {Negative Results for Active Learning with Convex Losses},
  booktitle = {AISTATS},
  year      = {2010},
  pages     = {321-325},
}

@BOOK{hastie90gam,
  AUTHOR = {Hastie, T. J. and Tibshirani, R. J.},
  TITLE = {{Generalized Additive Models}},
  YEAR = {1990},
  PUBLISHER = {London: Chapman \& Hall},
}

@book{haykin09communication,
 author = {Haykin, Simon},
 title = {{Communication Systems}},
 year = {2009},
 edition = {5th},
 publisher = {Wiley Publishing},
} 

@inproceedings{hoffman11portfolio,
  author    = {Matthew D. Hoffman and
               Eric Brochu and
               Nando de Freitas},
  title     = {{Portfolio Allocation for Bayesian Optimization}},
  booktitle = {Uncertainty in Artificial Intelligence},
  year      = {2011},
}

@article{hornby06antenna,
 author = {Hornby, G. S. and Globus, A. and Linden, D.S. and Lohn, J.D},
 title = {{Automated Antenna Design with Evolutionary Algorithms}},
 journal = {American Institute of Aeronautics and Astronautics},
 year = {2006},
}

@article{jones93direct,
 author = {Jones, D. R. and Perttunen, C. D. and Stuckman, B. E.},
 title = {{Lipschitzian Optimization Without the Lipschitz Constant}},
 journal = {J. Optim. Theory Appl.},
 year = {1993},
} 

@article{jones98expensive,
 author = {Jones, Donald R. and Schonlau, Matthias and Welch, William J.},
 title = {Efficient Global Optimization of Expensive Black-Box Functions},
 journal = {J. of Global Optimization},
 year = {1998},
} 

@inproceedings{kandasamy14influence,
    Year = {2014},
    Booktitle = {Arxiv},
    Author = { Kirthevasan Kandasamy and Akshay Krishnamurthy and 
              Barnab{\'{a}}s P{\'{o}}czos and Larry Wasserman and James Robins},
    Title = {{Influence Functions for Machine Learning: Nonparametric Estimators
      for Entropies, Divergences and Mutual Informations}},
    Shortbooktitle={Arxiv},
}

@inproceedings{kapoor07algpsincv, 
  author={Kapoor, A. and Grauman, K. and Urtasun, R. and Darrell, T.}, 
  booktitle={{Computer Vision, 2007. ICCV 2007. IEEE 11th International
              Conference on}}, 
  title= {{Active Learning with Gaussian Processes for Object Categorization}}, 
  year={2007}, 
  pages={1-8}, 
}

@TECHREPORT{ko95maxentsampling,
  title = {{An Exact Algorithm for Maximum Entropy Sampling}},
  author = {Ko, Chun-Wa and Lee, Jon and Queyranne, Maurice},
  year = {1993},
  institution = {Université catholique de Louvain, Center for Operations
  Research and Econometrics (CORE)},
}

@book{korostelev93minimaximage,
  title = {{Minimax theory of image reconstruction}},
  series = {Lecture notes in statistics},
  author = {Korostelev, A. P. and Tsybakov, A. B.},
  address = {New York},
  publisher = {Springer},
  year = {1993}
}

@article{krause08gpsensors,
 author = {Krause, Andreas and Singh, Ajit and Guestrin, Carlos},
 title = {{Near-Optimal Sensor Placements in Gaussian Processes: Theory,
Efficient Algorithms and Empirical Studies}},
 journal = {J. Mach. Learn. Res.},
 volume = {9},
 month = jun,
 year = {2008},
 pages = {235--284},
} 

@inproceedings{krause07nonmyopical,
 author = {Krause, Andreas and Guestrin, Carlos},
 title = {{Nonmyopic Active Learning of Gaussian Processes: An
           Exploration-exploitation Approach}},
 booktitle = {Proceedings of the 24th International Conference on Machine Learning},
 series = {ICML '07},
 year = {2007},
 pages = {449--456},
 numpages = {8},
 publisher = {ACM},
 address = {New York, NY, USA},
} 

@inproceedings{krishnamurthy12activehierarchicalclustering,
  author    = {Akshay Krishnamurthy and
               Sivaraman Balakrishnan and
               Min Xu and
               Aarti Singh},
  title     = {{Efficient Active Algorithms for Hierarchical Clustering}},
  booktitle = {ICML},
  year      = {2012},
}

@inproceedings{krishnamurthy14renyi,
    Year = {2014},
    Booktitle = {International Conference on Machine Learning (ICML)},
    Author = { Akshay Krishnamurthy and Kirthevasan Kandasamy and 
              Barnab{\'{a}}s P{\'{o}}czos and Larry Wasserman},
    Title = {{Nonparametric Estimation of R\'{e}nyi Divergence and Friends}},
    Shortbooktitle={ICML},
}

@inproceedings{lafferty05rodeo,
  author    = {John D. Lafferty and
               Larry A. Wasserman},
  title     = {{Rodeo: Sparse Nonparametric Regression in High Dimensions}},
  booktitle = {NIPS},
  year      = {2005},
}

@book{landau05mcmcstatphysics,
 author = {Landau, David and Binder, Kurt},
 title = {{A Guide to Monte Carlo Simulations in Statistical Physics}},
 year = {2005},
 isbn = {0521842387},
 publisher = {Cambridge University Press},
 address = {New York, NY, USA},
} 

@article{lewis02cosmoparams,
     author    = "Lewis, Antony and Bridle, Sarah",
     title     = {{Cosmological parameters from CMB and other data: a Monte-
                  Carlo approach}},
     journal   = "Physical Review",
     volume    = "D66",
     year      = "2002",
     pages     = "103511",
}

@article{liu11forest,
  author    = {Han Liu and
               Min Xu and
               Haijie Gu and
               Anupam Gupta and
               John D. Lafferty and
               Larry A. Wasserman},
  title     = {{Forest Density Estimation}},
  journal   = {Journal of Machine Learning Research},
  volume    = {12},
  pages     = {907--951},
  year      = {2011},
}

@article{liu94covargibbs,
    author = {Liu, J. S. and Wong, W. H. and Kong, A.},
    journal = {Biometrika},
    month = mar,
    number = {1},
    pages = {27--40},
    title = {{Covariance structure of the Gibbs sampler with applications to
              the comparisons of estimators and augmentation schemes}},
    volume = {81},
    year = {1994}
}

@book{liu01mcmcscicomp,
  author = "Jun S. Liu",
  title = {{Monte Carlo strategies in Scientific computing}},
  publisher = "Springer",
  year = "2001",
  ISBN = "0387952306"
}

@inproceedings{lizotte07automaticGait,
    author = {Daniel Lizotte and Tao Wang and Michael Bowling and Dale
      Schuurmans},
    title = {{Automatic gait optimization with gaussian process regression}},
    booktitle = {in Proc. of IJCAI},
    year = {2007},
    pages = {944--949}
}

@inproceedings{mahendran12adaptivemcmc,
  author = {Mahendran, Nimalan and Wang, Ziyu and Hamze, Firas and de Freitas, Nando},
  booktitle = {Artificial Intelligence and Statistics},
  title = {{Adaptive MCMC with Bayesian Optimization.}},
  year = 2012
}


@book{mackay03infotheory,
  author =   "David J. C. MacKay",
  title =    {{Information Theory, Inference, and Learning Algorithms}},
  publisher={Cambridge University Press},
  year =   {2003}
}

@article{malloy13adaptiveCompressedSensing,
  author    = {Matthew Malloy and
               Robert D. Nowak},
  title     = {Near-Optimal Adaptive Compressed Sensing},
  journal   = {CoRR},
  volume    = {abs/1306.6239},
  year      = {2013},
}

@article{marin12abc,
  author    = {Jean-Michel Marin and
               Pierre Pudlo and
               Christian P. Robert and
               Robin J. Ryder},
  title     = {{Approximate Bayesian computational methods}},
  journal   = {Statistics and Computing},
  volume    = {22},
  number    = {6},
  year      = {2012},
  pages     = {1167-1180},
}

@techreport{neal93mcmc,
  author = {Neal, Radford M.},
  institution = {Dept. of Computer Science, University of Toronto},
  month = {September},
  title = {Probabilistic Inference using {M}arkov Chain {M}onte {C}arlo
           Methods},
  year = 1993
}

@article{nemhauser78submodularity,
    author = {Nemhauser, G. L. and Wolsey, L. A. and Fisher, M. L.},
    booktitle = {Mathematical Programming},
    journal = {Mathematical Programming},
    month = dec,
    pages = {265--294},
    publisher = {Springer-Verlag},
    title = {{An analysis of approximations for maximizing submodular set
functions—I}},
    volume = {14},
    year = {1978}
}

@inproceedings{netrapalli10greedymarkov,
  author= {Netrapalli, P and Banerjee, S and Sanghavi, S and Shakkottai, S.},
  title = {{Greedy Learning of Markov Network Structure}},
  booktitle={Annual Allerton Conference on Communication, Control and Computing},
  year=2010
}

@inproceedings{marchant12boEnv,
  author= {Marchant, R and Ramos, F},
  title = {{Bayesian Optimization for Intelligent Environmental Monitoring}},
  booktitle={NIPS Workshop on Bayesian Optimization, 2012},
  year=2012
}

@article{marjoram03mcmcwolikl,
    author = {Marjoram, Paul and Molitor, John and Plagnol, Vincent and
              Tavar\'{e}, Simon},
    journal = {Proceedings of the National Academy of Sciences of the United
               States of America},
    keywords = {abc, bayesian},
    number = {26},
    pages = {15324--15328},
    publisher = {National Academy of Sciences},
    title = {{Markov Chain Monte Carlo without Likelihoods}},
    volume = {100},
    year = {2003}
}

@inproceedings{martinez07robotplanning,
  AUTHOR    = {R. Martinez-Cantin and N. de Freitas and A. Doucet and J.
Castellanos},
  TITLE     = {{Active Policy Learning for Robot Planning and Exploration under
Uncertainty}},
  BOOKTITLE = {Proceedings of Robotics: Science and Systems},
  YEAR      = {2007},
}

@article{mendelson10regularizationKernel,
  author = "Mendelson, Shahar and Neeman, Joseph",
  fjournal = "The Annals of Statistics",
  journal = "Ann. Statist.",
  publisher = "The Institute of Mathematical Statistics",
  title = {{Regularization in kernel learning}},
  year = "2010"
}


@techreport{minka00dirichlet,
    author = {Thomas P. Minka},
    title = {{Estimating a Dirichlet Distribution}},
    institution = {},
    year = {2000}
}

@article{mockus91bo,
  year={1991},
  journal={Journal of Optimization Theory and Applications},
  title={{Bayesian approach to global optimization and application to
  multiobjective and constrained problems}},
  author={Mockus, J.B. and Mockus, L.J.}
}

@article{mockus94bo,
  year={1994},
  journal={Journal of Global Optimization},
  title={{Application of Bayesian approach to numerical methods of global and
          stochastic optimization}},
  author={Mockus, Jonas}
}

@article{mukherjee06coordinatecovar,
  author    = {Sayan Mukherjee and
               Ding-Xuan Zhou},
  title     = {{Learning Coordinate Covariances via Gradients}},
  journal   = {Journal of Machine Learning Research},
  volume    = {7},
  year      = {2006},
  pages     = {519-549},
}

@inproceedings{osborne12alBayesianQuadrature,
  author= {{M. Osborne and D. Duvenaud and R. Garnett and C. Rasmussen and
            S. Roberts and Z. Ghahramani}},
  title= {{Active Learning of Model Evidence Using Bayesian Quadrature}},
  booktitle={Neural Information Processing Systems (NIPS)},
  year=2012
}

@article {ottosen12mcmc,
  author="Thomas Amby Ottosen",
  title= {{Markov-Chain Monte-Carlo A Bayesian Approach to Statistical
           Mechanics}},
  year="2012",
}

@inproceedings{pandey06advertising,
  author = {Pandey, Sandeep and Olston, Christopher},
  booktitle = {NIPS},
  title = {{Handling Advertisements of Unknown Quality in Search Advertising.}},
  year = 2006
}

@article{parkinson06wmap3,
     author    = "Parkinson, David and Mukherjee, Pia and Liddle, Andrew R",
     title     = {{A Bayesian model selection analysis of WMAP3}},
     journal   = "Physical Review",
     year      = "2006",
}

@article{plate99additivegps,
    author = {Tony A. Plate},
    title = {{Accuracy versus Interpretability in flexible modeling:implementing a tradeoff using Gaussian process models}},
    journal = {BEHAVIOURMETRIKA SPECIAL ISSUE ON ”INTERPRETING NEURAL NETWORK MODELS},
    year = {1999},
    volume = {26},
    pages = {29--50}
}

@book{rasmussen06gps,
  title={{Gaussian Processes for Machine Learning}},
  author={Rasmussen, C.E. and Williams, C.K.I.},
  series={Adaptative computation and machine learning series},
  year={2006},
  publisher={University Press Group Limited}
}

@article{rasmussen10gpml,
 author = {Rasmussen, Carl Edward and Nickisch, Hannes},
 title = {{Gaussian Processes for Machine Learning (GPML) Toolbox}},
 journal = {J. Mach. Learn. Res.},
 year = {2010},
} 

@book{robert05mcstatmethods,
 author = {Robert, Christian P. and Casella, George},
 title = {{Monte Carlo Statistical Methods (Springer Texts in Statistics)}},
 year = {2005},
 publisher = {Springer-Verlag New York, Inc.},
 address = {Secaucus, NJ, USA},
} 

@InProceedings{roy01towardoptimal,
    author = {Nicholas Roy and Andrew Mccallum},
    title = {{Toward Optimal Active Learning through Sampling Estimation of
             Error Reduction}},
    booktitle = {In Proc. 18th International Conf. on Machine Learning},
    year = {2001},
    pages = {441--448},
    publisher = {Morgan Kaufmann}
}

@article{peters12mcmcabc,
  author    = {Gareth W. Peters and
               Y. Fan and
               Scott A. Sisson},
  title     = {{On sequential Monte Carlo, partial rejection control and
               approximate Bayesian computation}},
  journal   = {Statistics and Computing},
  volume    = {22},
  number    = {6},
  year      = {2012},
  pages     = {1209-1222},
}

@article{poczos12sdm,
  author    = {Barnab{\'{a}}s P{\'{o}}czos and
               Liang Xiong and
               Dougal J. Sutherland and
               Jeff G. Schneider},
  title     = {{Support Distribution Machines}},
  journal   = {CoRR},
  year      = {2012},
}

@article{poczos12divergence,
  author    = {Barnab{\'{a}}s P{\'{o}}czos and
               Liang Xiong and
               Jeff G. Schneider},
  title     = {{Nonparametric Divergence Estimation with Applications to Machine Learning
               on Distributions}},
  journal   = {CoRR},
  year      = {2012},
}

@inproceedings{ramdas14aluniformnoise,
  author    = {Aaditya Ramdas and
               Barnab{\'{a}}s P{\'{o}}czos and
               Aarti Singh and
               Larry Wassermen},
  title     = {{An Analysis of Active Learning with Uniform Feature Noise}},
  booktitle = {AISTATS},
  year      = {2014},
}

@article {ravikumar09spam,
  author = {Ravikumar, Pradeep and Lafferty, John and Liu, Han and Wasserman,
            Larry},
  title = {{Sparse Additive Models}},
  journal = {Journal of the Royal Statistical Society: Series B (Statistical
  Methodology)},
  year = {2009},
}

@article{robbins52seqDesign,
  author = {Robbins, Herbert},
  title = {{Some aspects of the sequential design of experiments}},
  journal =      "Bulletin of the American Mathematical Society",
  year =         "1952",
}

@article{robins09quadraticvm,
  author = {Robins, James and Li, Lingling and Tchetgen, Eric and van der Vaart, Aad W},
  title = {{Quadratic semiparametric Von Mises Calculus}},
  journal = {Metrika},
  volume = {69},
  year = {2009},
  number = {2-3},
  pages = {227-247},
}

@book{scholkopf01kernels,
 author = {Scholkopf, Bernhard and Smola, Alexander J.},
 title = {{Learning with Kernels: Support Vector Machines, Regularization,
          Optimization, and Beyond}},
 year = {2001},
 publisher = {MIT Press},
 address = {Cambridge, MA, USA},
} 

@article{seeger08information,
  title = {{Information Consistency of Nonparametric Gaussian Process Methods}},
  author = {Seeger, MW. and Kakade, SM. and Foster, DP.},
  organization = {Max-Planck-Gesellschaft},
  journal = {IEEE Transactions on Information Theory},
  year = {2008},
}

@TechReport{settles10alsurvey,
  author = "Burr Settles",
  title = {{Active Learning Literature Survey}},
  institution = "University of Wisconsin-Madison",
  year = "2010"
}

@misc{seung92querybycommittee,
    author = {H. S. Seung and M. Opper and H. Sompolinsky},
    title = {{Query by Committee}},
    year = {1992}
}

@inproceedings{snoek12practicalBO,
  title = {{Practical Bayesian Optimization of Machine Learning Algorithms}},
  author = {Snoek, Jasper and Larochelle, Hugo and Adams, Ryan P},
  booktitle = {Advances in Neural Information Processing Systems },
  year = {2012},
}

@inproceedings{song09cme,
  author    = {Le Song and
               Jonathan Huang and
               Alexander J. Smola and
               Kenji Fukumizu},
  title     = {{Hilbert Space Embeddings of Conditional distributions with
               applications to dynamical systems}},
  booktitle = {ICML},
  year      = {2009},
  pages     = {121},
}

@inproceedings{srinivas10gpbandits,
  author    = {Niranjan Srinivas and
               Andreas Krause and
               Sham Kakade and
               Matthias Seeger},
  title     = {{Gaussian Process Optimization in the Bandit Setting: No Regret
                and Experimental Design}},
  booktitle = {International Conference on Machine Learning},
  year      = {2010},
}

@article{tegmark06lrgs,
  author={{Tegmark et al}, M.},
  title = {{Cosmological Constraints from the SDSS Luminous Red Galaxies}},
  journal = {Physical Review},
  year = 2006,
  month = Dec,
}

@article{thompson33sampling,
  author = {W. R. Thompson},
  title= {{On the Likelihood that one Unknown Probability Exceeds Another in
          View of the Evidence of Two Samples}},
  journal={Biometrika},
  year = 1933
}

@book{tsybakov08nonparametric,
 author = {Tsybakov, Alexandre B.},
 title = {Introduction to Nonparametric Estimation},
 year = {2008},
 publisher = {Springer Publishing Company, Incorporated},
} 

@book{vandervaart98asymptotic,
  author = {A. W. van der Vaart},
  title = {{Asymptotic Statistics}},
  series = {Cambridge Series in Statistical and Probabilistic Mathematics}, 
  publisher = {Cambridge University Press},
  year = {1998},
}

@book{vapnik82dependencies,
  title={{Estimation of Dependencies Based on Empiricial Data}},
  author={Vapnik, V},
  year={1982},
  publisher={Springer-Verlag, New York}
}

@inproceedings{viola01cascade,
  author = {Viola, Paul A. and Jones, Michael J.},
  booktitle = {Computer Vision and Pattern Recognition},
  title = {{Rapid Object Detection using a Boosted Cascade of Simple Features.}},
  year = 2001
}

@inproceedings{wang13rembo,
  author    = {Ziyu Wang and
               Masrour Zoghi and
               Frank Hutter and
               David Matheson and
               Nando de Freitas},
  title     = {{Bayesian Optimization in High Dimensions via Random Embeddings}},
  booktitle = {International Joint Conference
               on Artificial Intelligence},
  year      = {2013},
}

@article{wen13optOrthConstraints,
  author    = {Zaiwen Wen and
               Wotao Yin},
  title     = {{A feasible method for Optimization with Orthogonality
                Constraints}},
  journal   = {Math. Program.},
  year      = {2013},
  volume    = {142},
  number    = {1-2},
  pages     = {397--434},
}

@article{zidek00gaussian,
  title = {{Designing and integrating composite networks for monitoring
  multivariate gaussian pollution fields}},
  author = {Zidek, J. V. and Sun, W. and Le, N. D.},
  year = {2000},
  journal = {Journal of the Royal Statistical Society Series C},
  volume = {49},
  number = {1},
  pages = {63-79},
}

@InProceedings{zhu03active,
    author = {Xiaojin Zhu and John Lafferty and Zoubin Ghahramani},
    title = {{Combining Active Learning and Semi-Supervised Learning
             Using Gaussian Fields and Harmonic Functions}},
    booktitle = {ICML 2003 workshop on The Continuum from Labeled to Unlabeled
                 Data in Machine Learning and Data Mining},
    year = {2003},
    pages = {58--65}
}

